<?xml version="1.0" encoding="UTF-8"?><record xmlns="http://www.loc.gov/MARC21/slim" xmlns:cinclude="http://apache.org/cocoon/include/1.0" xmlns:zs="http://www.loc.gov/zing/srw/">
  <leader>00467cz  a2200145n  4500</leader>
  <controlfield tag="001">n  88183275 </controlfield>
  <controlfield tag="003">DLC</controlfield>
  <controlfield tag="005">20060310051432.0</controlfield>
  <controlfield tag="008">890728n| acannaab|          |n aaa |||  </controlfield>
  <datafield tag="010" ind1=" " ind2=" ">
    <subfield code="a">n  88183275 </subfield>
  </datafield>
  <datafield tag="035" ind1=" " ind2=" ">
    <subfield code="a">(Uk)002227932</subfield>
  </datafield>
  <datafield tag="040" ind1=" " ind2=" ">
    <subfield code="a">DLC</subfield>
    <subfield code="c">DLC</subfield>
    <subfield code="d">Uk</subfield>
  </datafield>
  <datafield tag="100" ind1="1" ind2=" ">
    <subfield code="a">Byl, John</subfield>
  </datafield>
  <datafield tag="670" ind1=" " ind2=" ">
    <subfield code="a">His Organizing successful tournaments, 1989:</subfield>
    <subfield code="b">CIP t.p. (John Byl, MHK, Redeemer College, Ancaster, Ontario) data sheet (b. 8-30-53)</subfield>
  </datafield>
  <datafield tag="670" ind1=" " ind2=" ">
    <subfield code="a">LC data base 7/24/89</subfield>
    <subfield code="b">(hdg.: Byl, John)</subfield>
  </datafield>
</record>